<?xml version="1.0" encoding="UTF-8"?><collection xmlns="http://www.loc.gov/MARC21/slim"><record><leader>00428nam--2200121-i-4500</leader><controlfield tag="001">000033031</controlfield><controlfield tag="002">20161230</controlfield><controlfield tag="005">20161230201039</controlfield><controlfield tag="008">060222s1000------------r-----000-0-eng-d</controlfield><datafield ind1=" " ind2=" " tag="245"><subfield code="a">Rontgenspektren und chemische bindung.vortrage des internationalen symposium am 23 und 24 september 1965 in leipzig</subfield></datafield><datafield ind1=" " ind2=" " tag="260"><subfield code="a">Leipzig, Physikalisch-chemisches Institut Der Karl-marx-universitat, 1966. Ix+348p</subfield></datafield><datafield ind1=" " ind2=" " tag="700"><subfield code="a">Meisel, A</subfield></datafield><datafield ind1=" " ind2=" " tag="852"><subfield code="a">24780</subfield></datafield></record></collection>